<?xml version="1.0" encoding="utf-8"?>
<record xmlns="http://www.loc.gov/MARC21/slim" xmlns:xsi="http://www.w3.org/2001/XMLSchema-instance" xsi:schemaLocation="http://www.loc.gov/MARC21/slim http://www.loc.gov/standards/marcxml/schema/MARC21slim.xsd">
	<leader>     nam a22        4500</leader>
	<controlfield tag="001">b12444777</controlfield>
	<controlfield tag="003">LeBAU</controlfield>
	<controlfield tag="006">m        d        </controlfield>
	<controlfield tag="007">cr cn |||m|||a</controlfield>
	<controlfield tag="008">170926m19101911ua      o     000 0 ara d</controlfield>
	<datafield ind1=" " ind2=" " tag="040">
		<subfield code="a">NNU</subfield>
		<subfield code="b">ara</subfield>
		<subfield code="e">rda</subfield>
		<subfield code="c">NNU</subfield>
	</datafield>
	<datafield ind1="0" ind2="4" tag="082">
		<subfield code="a">349.297</subfield>
		<subfield code="2">20</subfield>
	</datafield>
	<datafield ind1="1" ind2=" " tag="100">
		<subfield code="6">880-01</subfield>
		<subfield code="a">Ḥaṭṭāb, Muḥammad ibn Muḥammad,</subfield>
		<subfield code="d">1497-1547,</subfield>
		<subfield code="e">author.</subfield>
	</datafield>
	<datafield ind1="1" ind2="0" tag="245">
		<subfield code="6">880-02</subfield>
		<subfield code="a">Kitāb Mawāhib al-jalīl li-sharḥ Mukhtaṣar Abī Ḍīyā’ Sayyidī Khalīl /</subfield>
		<subfield code="c">ta’līf Imām al-Mālikīyah fī ‘aṣrih dhī al-akhlāq al-ṣiddīqah wa-al-anfās al-‘alīyah Abī ʻAbd Allāh Muḥammad ibn Muḥammad ibn ʻAbd al-Raḥmān al-Maghribī al-aṣl al-Makkī al-mawlid al-ra‘īnī al-maʻrūf bi-al-Ḥattāb al-mawlūd fī laylat al-Aḥad thānī ‘ashar Ramaḍān sanat 902, al-mutawaffá thānī Rabī‘ al-Thānī sanat 954. Wa-bi-hāmishihi al-Tāj wa-al-iklīl li-Mukhtaṣar Khalīl / ayḍan li-‘alam al-a‘lām wa-qudwat al-anām Abī ‘Abd Allāh Sayyidī Muḥammad ibn Yūsuf ibn Abī al-Qāsim al-‘Abdarī al-shahīr bi-al-Mawwāq, al-mutawaffá fī Rajab sanat 897 H.</subfield>
	</datafield>
	<datafield ind1="3" ind2="0" tag="246">
		<subfield code="6">880-03</subfield>
		<subfield code="a">Mawāhib al-jalīl li-sharḥ Mukhtaṣar Abī Ḍīyā’ Sayyidī Khalīl</subfield>
	</datafield>
	<datafield ind1=" " ind2=" " tag="250">
		<subfield code="6">880-04</subfield>
		<subfield code="a">al-Ṭab‘ah al-ūlá.</subfield>
	</datafield>
	<datafield ind1=" " ind2="1" tag="264">
		<subfield code="6">880-05</subfield>
		<subfield code="a">Miṣr :</subfield>
		<subfield code="b">Maṭbaʻat al-Saʻādah,</subfield>
		<subfield code="c">1328-1329 H., [1910-1911? M.]</subfield>
	</datafield>
	<datafield ind1=" " ind2=" " tag="300">
		<subfield code="6">880-06</subfield>
		<subfield code="a">online resource (6 volumes)</subfield>
	</datafield>
	<datafield ind1=" " ind2=" " tag="336">
		<subfield code="a">text</subfield>
		<subfield code="2">rdacontent</subfield>
	</datafield>
	<datafield ind1=" " ind2=" " tag="337">
		<subfield code="a">computer</subfield>
		<subfield code="2">rdamedia</subfield>
	</datafield>
	<datafield ind1=" " ind2=" " tag="338">
		<subfield code="a">online resource</subfield>
		<subfield code="2">rdacarrier</subfield>
	</datafield>
	<datafield ind1=" " ind2=" " tag="500">
		<subfield code="a">&quot;طبع هذا الكتاب على نفقة سلطان المغرب الأقصى جلالة أمير المؤمنين وحامي حوزة الدين فرع الشجرة النبوية وخلاصة السلالة الطاهرة العلوية سيدنا ومولانا ابن السلطان مولاي الحسن ابن السلطان سيدي محمد خلد الله ملكه؛ بتوكيل الحاج محمد بن العباس بن شقرون خديم المقام العالي بالله الآن بثغر طنجه ووكيل دولة المغرب الأقصى سابقا بمصر على يد نجله الحاج عبد السلام بن شقرون.&quot;</subfield>
	</datafield>
	<datafield ind1=" " ind2=" " tag="500">
		<subfield code="a">Part of the Arabic Collections Online (ACO) project, contributed by American University of Beirut's Jafet Memorial Library.</subfield>
	</datafield>
	<datafield ind1=" " ind2=" " tag="533">
		<subfield code="a">Electronic reproduction.</subfield>
		<subfield code="b">New York, N.Y. :</subfield>
		<subfield code="c">New York University,</subfield>
		<subfield code="d">2017.</subfield>
		<subfield code="5">NNU</subfield>
	</datafield>
	<datafield ind1="0" ind2="4" tag="600">
		<subfield code="a">خليل بن اسحاق الجندي،</subfield>
		<subfield code="d">-1365؟</subfield>
		<subfield code="x">المختصر.</subfield>
	</datafield>
	<datafield ind1="0" ind2="0" tag="600">
		<subfield code="a">Khalīl ibn Isḥāq al-Jundī,</subfield>
		<subfield code="d">-1365?</subfield>
		<subfield code="t">Mukhtaṣar.</subfield>
	</datafield>
	<datafield ind1=" " ind2="4" tag="650">
		<subfield code="a">الفقه الاسلامي</subfield>
		<subfield code="v">اعمال قديمة حتى 1800.</subfield>
	</datafield>
	<datafield ind1=" " ind2="4" tag="650">
		<subfield code="a">المذهب المالكي</subfield>
		<subfield code="v">اعمال قديمة حتى 1800.</subfield>
	</datafield>
	<datafield ind1=" " ind2="0" tag="650">
		<subfield code="a">Islamic law</subfield>
		<subfield code="v">Early works to 1800.</subfield>
	</datafield>
	<datafield ind1=" " ind2="0" tag="650">
		<subfield code="a">Malikites</subfield>
		<subfield code="v">Early works to 1800.</subfield>
	</datafield>
	<datafield ind1="1" ind2="2" tag="700">
		<subfield code="6">880-07</subfield>
		<subfield code="a">Mawwāq, Muḥammad ibn Yūsuf,</subfield>
		<subfield code="d">-1491 or 1492.</subfield>
		<subfield code="t">Tāj wa-al-Iklīl.</subfield>
	</datafield>
	<datafield ind1="2" ind2=" " tag="710">
		<subfield code="a">Jafet Memorial Library.</subfield>
	</datafield>
	<datafield ind1="0" ind2=" " tag="730">
		<subfield code="a">Arabic Collections Online.</subfield>
	</datafield>
	<datafield ind1="0" ind2="8" tag="776">
		<subfield code="i">Print version:</subfield>
		<subfield code="a">Ḥaṭṭāb, Muḥammad ibn Muḥammad, 1497-1547, author.</subfield>
		<subfield code="t">Kitāb Mawāhib al-jalīl li-sharḥ Mukhtaṣar Abī Ḍīyā’ Sayyidī Khalīl</subfield>
		<subfield code="w">(LeBAU)b12444777</subfield>
	</datafield>
	<datafield ind1="4" ind2="0" tag="856">
		<subfield code="u">http://hdl.handle.net/2333.1/4xgxd7cb</subfield>
	</datafield>
	<datafield ind1="1" ind2=" " tag="880">
		<subfield code="6">100-01/(3/r</subfield>
		<subfield code="a">الحطاب، الله محمد بن محمد،</subfield>
		<subfield code="d">1497-1547،</subfield>
		<subfield code="e">مؤلف. </subfield>
		<subfield code="4">aut.</subfield>
	</datafield>
	<datafield ind1="1" ind2="0" tag="880">
		<subfield code="6">245-02/(3/r</subfield>
		<subfield code="a">كتاب مواهب الجليل لشرح مختصر أبي ضياء سيدي خليل /</subfield>
		<subfield code="c">تأليف إمام المالكية في عصره ذي الأخلاق الصديقية والأنفاس العلية أبي عبد الله محمد بن محمد بن عبد الرحمن المغربي الأصل المكي المولد الرعيني المعروف بالحطاب المولود في ليلة الأحد ثاني عشر رمضان سنة 902، المتوفى ثاني ربيع الثاني سنة 954. وبهامشه التاج و الإكليل لمختصر خليل / أيضاً لعلم الأعلام وقدوة الأنام أبي عبد الله سيدي محمد بن يوسف بن أبي القاسم العبدري الشهير بالمواق، المتوفى في رجب سنة 897 هـ.</subfield>
	</datafield>
	<datafield ind1="3" ind2="0" tag="880">
		<subfield code="6">246-03/(3/r</subfield>
		<subfield code="a">مواهب الجليل لشرح مختصر أبي ضياء سيدي خليل</subfield>
	</datafield>
	<datafield ind1=" " ind2=" " tag="880">
		<subfield code="6">250-04/(3/r</subfield>
		<subfield code="a">الطبعة الأولى.</subfield>
	</datafield>
	<datafield ind1=" " ind2="1" tag="880">
		<subfield code="6">264-05/(3/r</subfield>
		<subfield code="a">مصر :</subfield>
		<subfield code="b">مطبعة السعادة،</subfield>
		<subfield code="c">1328-1329 هـ.، [1910-1911؟ م.]</subfield>
	</datafield>
	<datafield ind1=" " ind2=" " tag="880">
		<subfield code="6">300-06/(3/r</subfield>
		<subfield code="a">6 أجزاء ؛</subfield>
		<subfield code="c">28 سم</subfield>
	</datafield>
	<datafield ind1="1" ind2="2" tag="880">
		<subfield code="6">700-07/(3/r</subfield>
		<subfield code="a">المواق، محمد بن يوسف،</subfield>
		<subfield code="d">-1491 او 1492.</subfield>
		<subfield code="t">التاج والإكليل.</subfield>
	</datafield>
	<datafield ind1=" " ind2=" " tag="959">
		<subfield code="a">NNU</subfield>
		<subfield code="b">WEB</subfield>
		<subfield code="c">GENI</subfield>
		<subfield code="t">0</subfield>
		<subfield code="m">Electronic access</subfield>
		<subfield code="s">01</subfield>
	</datafield>
	<datafield ind1=" " ind2=" " tag="999">
		<subfield code="i">LeBAU_b12444777</subfield>
		<subfield code="s">aub_aco001237:v.1</subfield>
		<subfield code="s">aub_aco001238:v.2</subfield>
		<subfield code="s">aub_aco001239:v.3</subfield>
		<subfield code="s">aub_aco001240:v.4</subfield>
		<subfield code="s">aub_aco001241:v.5</subfield>
		<subfield code="s">aub_aco001242:v.6</subfield>
		<subfield code="e">(ERROR-MISC)</subfield>
	</datafield>
</record>
